<collection xmlns="http://www.loc.gov/MARC21/slim">
<record>
  <leader>01386nam0a2200241 i 450 </leader>
  <controlfield tag="001">IT\ICCU\CNCE\040779</controlfield>
  <controlfield tag="005">20130205000000.0</controlfield>
  <datafield tag="012" ind1=" " ind2=" ">
    <subfield code="a">6.er anr, ,&amp;t. ert. (S) 1556 (Q)</subfield>
    <subfield code="2">fei</subfield>
  </datafield>
  <datafield tag="100" ind1=" " ind2=" ">
    <subfield code="a">19981103f1556        0itac0103    ba</subfield>
  </datafield>
  <datafield tag="101" ind1=" " ind2=" ">
    <subfield code="a">LAT</subfield>
  </datafield>
  <datafield tag="102" ind1=" " ind2=" ">
    <subfield code="a">IT</subfield>
  </datafield>
  <datafield tag="200" ind1="1" ind2=" ">
    <subfield code="a">Franciscus Martellus iur. utr. doctor, canonicus Regiensis, prothonotariusque apostolicus, et in episcopatu Ferrariae in spiritualibus vicarius generalis, &amp; locuntenens. Omnibus et singulis sacerdotibus, et clericis in sacris, &amp; in minoribus ordinibus constitutis; alijsque personis ecclesiasticis,  quibuscunque dignitate, personatu, praeeminentia, et honore illi praefulgeant, in ciuitate et diocesi Ferrariensi habitantibus salutem in Domino</subfield>
  </datafield>
  <datafield tag="210" ind1=" " ind2=" ">
    <subfield code="d">\1556!</subfield>
  </datafield>
  <datafield tag="215" ind1=" " ind2=" ">
    <subfield code="a">1 manifesto (2 fogli)</subfield>
    <subfield code="d">atl</subfield>
  </datafield>
  <datafield tag="300" ind1=" " ind2=" ">
    <subfield code="a">Editto contro il concubinato nel clero. - Stampato presumibilmente a Ferrara. - La data si ricava da quella di emanazione: Ferrara, 24 dicembre 1556</subfield>
  </datafield>
  <datafield tag="620" ind1=" " ind2=" ">
    <subfield code="a">IT</subfield>
    <subfield code="d">Ferrara</subfield>
  </datafield>
  <datafield tag="710" ind1="0" ind2="2">
    <subfield code="a">Ferrara</subfield>
    <subfield code="c"> &lt;Diocesi&gt;</subfield>
    <subfield code="3">IT\ICCU\CNCT\005320</subfield>
  </datafield>
  <datafield tag="702" ind1=" " ind2="1">
    <subfield code="a">Martelli,</subfield>
    <subfield code="b">Francesco</subfield>
    <subfield code="3">IT\ICCU\CNCA\017663</subfield>
  </datafield>
  <datafield tag="712" ind1="0" ind2="2">
    <subfield code="a">s.n.</subfield>
    <subfield code="3">IT\ICCU\CNCT\000002</subfield>
    <subfield code="4">650</subfield>
  </datafield>
  <datafield tag="790" ind1=" " ind2="1">
    <subfield code="a">Martellus,</subfield>
    <subfield code="b">Franciscus</subfield>
    <subfield code="3">IT\ICCU\CNCA\021078</subfield>
    <subfield code="z">Martelli, Francesco</subfield>
  </datafield>
  <datafield tag="801" ind1=" " ind2="3">
    <subfield code="a">IT</subfield>
    <subfield code="b">ICCU</subfield>
    <subfield code="c">20201114</subfield>
  </datafield>
  <datafield tag="899" ind1=" " ind2=" ">
    <subfield code="a">Biblioteca Estense Universitaria. Modena</subfield>
    <subfield code="1">MO0089</subfield>
    <subfield code="2">MOD BE</subfield>
  </datafield>
  <datafield tag="899" ind1=" " ind2=" ">
    <subfield code="a">Archivio di Stato di Reggio Emilia. Reggio Emilia</subfield>
    <subfield code="1">RE0048</subfield>
    <subfield code="2">ZRE 11</subfield>
  </datafield>
</record>
</collection>
